<?xml version="1.0" encoding="UTF-8"?><collection xmlns="http://www.loc.gov/MARC21/slim"><record><leader>00341nam--2200145-i-4500</leader><controlfield tag="001">000048474</controlfield><controlfield tag="002">20161230</controlfield><controlfield tag="005">20170219233125</controlfield><controlfield tag="008">060222s1000------------r-----000-0-eng-d</controlfield><datafield ind1=" " ind2=" " tag="245"><subfield code="a">Avtomatizaciia segodnia i zavtra</subfield></datafield><datafield ind1=" " ind2=" " tag="260"><subfield code="a">Moskva</subfield><subfield code="b">Izd.Znanaie</subfield><subfield code="c">1963</subfield></datafield><datafield ind1=" " ind2=" " tag="300"><subfield code="a">39 p</subfield></datafield><datafield ind1=" " ind2=" " tag="490"><subfield code="v">4/11</subfield></datafield><datafield ind1=" " ind2=" " tag="852"><subfield code="a">9257</subfield></datafield><datafield ind1=" " ind2=" " tag="CAT"><subfield code="a">SYS</subfield><subfield code="c">20170219</subfield><subfield code="h">233125</subfield></datafield></record></collection>